% Encoding: UTF-8

@Manual{contextual,
  title        = {contextual: Simulating Contextual Multi-Armed Bandit Problems in R},
  author       = {van Emden, R. and Kaptein, M. and Postma, E.},
  organization = {Jheronimus Academy of Data Science},
  month        = jun,
  year         = {2018},
  journaltitle = {In preparation for submission to The Journal of Statistical Software},
}

@Comment{jabref-meta: databaseType:bibtex;}
